<?xml version="1.0" encoding="UTF-8"?><collection xmlns="http://www.loc.gov/MARC21/slim"><record><leader>00561nam--2200181-i-4500</leader><controlfield tag="001">000006238</controlfield><controlfield tag="002">20161230</controlfield><controlfield tag="005">20170101235037</controlfield><controlfield tag="008">060222s1000------------r-----000-0-eng-d</controlfield><datafield ind1=" " ind2=" " tag="040"><subfield code="a">IFIN-HH</subfield></datafield><datafield ind1=" " ind2=" " tag="080"><subfield code="a">537.531:548.73</subfield></datafield><datafield ind1="1" ind2=" " tag="100"><subfield code="a">Guinier, Andre</subfield></datafield><datafield ind1="1" ind2="0" tag="245"><subfield code="a">X-ray diffraction</subfield><subfield code="b">In crystals, imperfect crystals, and amorphous bodies, translated by Paul Lorrain</subfield><subfield code="c">A. Guinier</subfield></datafield><datafield ind1=" " ind2=" " tag="260"><subfield code="a">San Francisco</subfield><subfield code="b">W.V. Freeman And Company</subfield><subfield code="c">1963</subfield></datafield><datafield ind1=" " ind2=" " tag="300"><subfield code="a">378P</subfield></datafield><datafield ind1=" " ind2=" " tag="490"><subfield code="a">A Series Of Books In Physics</subfield></datafield><datafield ind1=" " ind2=" " tag="852"><subfield code="a">46876</subfield><subfield code="c">537.531</subfield></datafield><datafield ind1=" " ind2=" " tag="CAT"><subfield code="a">SYS</subfield><subfield code="c">20170101</subfield><subfield code="h">235037</subfield></datafield></record></collection>